@article{davis2008hepatocellular,
	title={Hepatocellular carcinoma: management of an increasingly common problem},
	author={Davis, Gary L and Dempster, Jane and Meler, James D and Orr, Douglas W and Walberg, Mark W and Brown, Brian and Berger, Brian D and O'Connor, John K and Goldstein, Robert M},
	booktitle={Baylor University Medical Center. Proceedings},
	volume={21},
	number={3},
	pages={266},
	year={2008},
	organization={Baylor University Medical Center}
}

@book{friedman2001elements,
  title={The elements of statistical learning},
  author={Friedman, Jerome and Hastie, Trevor and Tibshirani, Robert},
  volume={1},
  year={2001},
  publisher={Springer series in statistics Springer, Berlin}
}


@article{bolstad2003comparison,
  title={A comparison of normalization methods for high density oligonucleotide array data based on variance and bias},
  author={Bolstad, Benjamin M and Irizarry, Rafael A and {\AA}strand, Magnus and Speed, Terence P.},
  journal={Bioinformatics},
  volume={19},
  number={2},
  pages={185--193},
  year={2003},
  publisher={Oxford Univ Press}
}

@article{hicks2015quantro,
  title={quantro: a data-driven approach to guide the choice of an appropriate normalization method},
  author={Hicks, Stephanie C and Irizarry, Rafael A},
  journal={Genome biology},
  volume={16},
  number={1},
  pages={117},
  year={2015},
  publisher={BioMed Central}
}

@article{suzuki2008dna,
  title={DNA methylation landscapes: provocative insights from epigenomics},
  author={Suzuki, Miho M and Bird, Adrian},
  journal={Nature Reviews Genetics},
  volume={9},
  number={6},
  pages={465},
  year={2008},
  publisher={Nature Publishing Group}
}
